@article{mothukuri2021survey,
  title={A survey on security and privacy of federated learning},
  author={Mothukuri, Viraaji and Parizi, Reza M and Pouriyeh, Seyedamin and Huang, Yan and Dehghantanha, Ali and Srivastava, Gautam},
  journal={Future Generation Computer Systems},
  volume={115},
  pages={619--640},
  year={2021},
  publisher={Elsevier}
}

@article{li2021survey,
  title={A survey on federated learning systems: Vision, hype and reality for data privacy and protection},
  author={Li, Qinbin and Wen, Zeyi and Wu, Zhaomin and Hu, Sixu and Wang, Naibo and Li, Yuan and Liu, Xu and He, Bingsheng},
  journal={IEEE Transactions on Knowledge and Data Engineering},
  year={2021},
  publisher={IEEE}
}

@article{yin2021comprehensive,
  title={A comprehensive survey of privacy-preserving federated learning: A taxonomy, review, and future directions},
  author={Yin, Xuefei and Zhu, Yanming and Hu, Jiankun},
  journal={ACM Computing Surveys (CSUR)},
  volume={54},
  number={6},
  pages={1--36},
  year={2021},
  publisher={ACM New York, NY, USA}
}

@article{zhang2021survey,
  title={A survey on federated learning},
  author={Zhang, Chen and Xie, Yu and Bai, Hang and Yu, Bin and Li, Weihong and Gao, Yuan},
  journal={Knowledge-Based Systems},
  volume={216},
  pages={106775},
  year={2021},
  publisher={Elsevier}
}

@article{lyu2020threats,
  title={Threats to federated learning: A survey},
  author={Lyu, Lingjuan and Yu, Han and Yang, Qiang},
  journal={arXiv preprint arXiv:2003.02133},
  year={2020}
}

@article{truong2021privacy,
  title={Privacy preservation in federated learning: An insightful survey from the GDPR perspective},
  author={Truong, Nguyen and Sun, Kai and Wang, Siyao and Guitton, Florian and Guo, YiKe},
  journal={Computers \& Security},
  volume={110},
  pages={102402},
  year={2021},
  publisher={Elsevier}
}

@article{blanco2021achieving,
  title={Achieving security and privacy in federated learning systems: Survey, research challenges and future directions},
  author={Blanco-Justicia, Alberto and Domingo-Ferrer, Josep and Mart{\'\i}nez, Sergio and S{\'a}nchez, David and Flanagan, Adrian and Tan, Kuan Eeik},
  journal={Engineering Applications of Artificial Intelligence},
  volume={106},
  pages={104468},
  year={2021},
  publisher={Elsevier}
}

@article{liu2022privacy,
  title={Privacy-preserving aggregation in federated learning: A survey},
  author={Liu, Ziyao and Guo, Jiale and Yang, Wenzhuo and Fan, Jiani and Lam, Kwok-Yan and Zhao, Jun},
  journal={IEEE Transactions on Big Data},
  year={2022},
  publisher={IEEE}
}

@article{rasha2023federated,
  title={Federated learning in smart cities: Privacy and security survey},
  author={Rasha, Al-Huthaifi and Li, Tianrui and Huang, Wei and Gu, Jin and Li, Chongshou},
  journal={Information Sciences},
  year={2023},
  publisher={Elsevier}
}

@article{zhang2023survey,
  title={A Survey of Trustworthy Federated Learning with Perspectives on Security, Robustness, and Privacy},
  author={Zhang, Yifei and Zeng, Dun and Luo, Jinglong and Xu, Zenglin and King, Irwin},
  journal={arXiv preprint arXiv:2302.10637},
  year={2023}
}

@article{xia2023poisoning,
  title={Poisoning Attacks in Federated Learning: A Survey},
  author={Xia, Geming and Chen, Jian and Yu, Chaodong and Ma, Jun},
  journal={IEEE Access},
  volume={11},
  pages={10708--10722},
  year={2023},
  publisher={IEEE}
}

@article{gosselin2022privacy,
  title={Privacy and security in federated learning: A survey},
  author={Gosselin, R{\'e}mi and Vieu, Lo{\"\i}c and Loukil, Faiza and Benoit, Alexandre},
  journal={Applied Sciences},
  volume={12},
  number={19},
  pages={9901},
  year={2022},
  publisher={MDPI}
}